<?xml version="1.0" encoding="UTF-8"?><collection xmlns="http://www.loc.gov/MARC21/slim"><record><leader>00373nam--2200133-i-4500</leader><controlfield tag="001">000020468</controlfield><controlfield tag="002">20161230</controlfield><controlfield tag="005">20161230201033</controlfield><controlfield tag="008">060222s1000------------r-----000-0-eng-d</controlfield><datafield ind1=" " ind2=" " tag="080"><subfield code="a">546.681(043)</subfield></datafield><datafield ind1=" " ind2=" " tag="100"><subfield code="a">Defrain, Andre</subfield></datafield><datafield ind1=" " ind2=" " tag="245"><subfield code="a">Etude d`une phase solide de gallium instabile a la pression atmospherique.these</subfield></datafield><datafield ind1=" " ind2=" " tag="260"><subfield code="a">Paris, Universite, 1960. 39 P</subfield></datafield><datafield ind1=" " ind2=" " tag="852"><subfield code="a">77933</subfield></datafield></record></collection>